@misc{OPACITY,
  title = "Open Protocol for Access Control Identification and Ticketing with privacY",
  author = "ActivIdentity",
  month = "July",
  year = "2011",
  note = "\url{https://www.securetechalliance.org/resources/pdf/OPACITY_Protocol_3.7.pdf}"
}

@techreport{ISO7816,
  type = "Standard",
  author = "ISO/IEC 7816-4",
  month = jan,
  year = "2005",
  title = "Identification cards --- {Integrated} circuit cards --- {Part} 4: {Organization}, security and commands for interchange",
  institution = "International Organization for Standardization"
}
@techreport{ISO14443,
  type = "Standard",
  author = "ISO/IEC 14443",
  month = "April",
  year = "2000",
  title = "Identification cards --- {Contactless} integrated --- circuit(s) cards --- {Proximity} cards",
  volume = "2000",
  institution = "International Organization for Standardization"
}
@misc{mifarebruteforce,
  author = {Tezcan, Cihangir},
  year = {2017},
  month = jan,
  pages = {524-528},
  title = {Brute Force Cryptanalysis of {MIFARE} Classic Cards on {GPU}},
  note = "\url{https://www.researchgate.net/publication/315848177_Brute_Force_Cryptanalysis_of_MIFARE_Classic_Cards_on_GPU}"
}
@misc{darkside,
  author = "Nicolas T. Courtois",
  title = "THE DARK SIDE OF SECURITY BY OBSCURITY",
  year = "2009",
  month = mar,
  note = "\url{https://eprint.iacr.org/2009/137.pdf}",
  school = "University College London"
}
@misc{jcalgtest,
  title = "{JCAlgTest}",
  note = "\url{https://github.com/crocs-muni/JCAlgTest}"
}
